ST*835*0001~
BPR*U*00*C*NON*CTX*01*XXXXXXXX*DA*XXX*XXXXXXXXXX*XXXXXXXXX*01*XXX*DA*XXXX*20241019~
TRN*1*XXXX*XXXXXXXXXX*XXX~
CUR*PR*XXX~
REF*EV*XXXXX~
REF*F2*X~
DTM*405*20241019~
N1*PR*XXXXX*XV*XXX~
N3*XXXX*XXXX~
N4*XX*XX*XXX*XXX~
REF*2U*XXX~
PER*CX*XXXXXX*FX*XXX*TE*XXXXXX*EX*XXXXX~
PER*BL*XXXX*TE*XXXXX*TE*XX*EM*XXX~
PER*IC**UR*XXX~
N1*PE*XXXXXX*XV*XXX~
N3*XXXX*XXXX~
N4*XX*XX*XXXXXX*XXX~
REF*D3*XXX~
RDM*EM*XXXX*XXXX~
LX*000~
TS3*XXXXX*X*20241019*00000000*00000000000000********000000**000000000000**0000000000000*00000000000**0000000*00*00000*0000*000000000000~
TS2*0000000000*00000000000000*0000000000000*0000000000000*0000000000*0*00000000000000*0*000000*0000000000*0000000000*0000000000000*0000000000000*00*0000000000*00000000*00*0*00000000000~
CLP*X*2*000000000*0000000000*00000000*MA*XXXXXX*X*X**XX*000000000000000*0000000~
CAS*PR*XXX*00000000*000000000*XX*00000000*000000000000*XXX*00000000000*0000*XX*000000000*000000000000*XX*000000000000*0000000000000*XX*0000000*00000~
NM1*74*2*XX*X*XXXXX**XXXX*C*XXXXXXX~
NM1*PR*2*XXXX*****NI*XX~
NM1*TT*2*XX*****PI*XXXXXX~
NM1*IL*X*XXXXX*XXXXXX****XX*XXXXXXX~
NM1*GB*2*XXXXX*XX*XXX**XXXXXX*MI*XXX~
NM1*QC*1*X*XXX*XXXX**XX*MI*XXXX*XX~
NM1*82*1*XXXXX*XXXX*X**XXXX*MC*XX~
MIA*0000*00*0*00*XXXX*0000*0000000*000*000000*00*0000*00*0000000000000*00000000000000*000000000000000*0000000*0*000000000*000000*XXXXX*XXXXXX*XXX*X*0~
MOA*000*0000000000000*XXXXX*XXX*XXX*XXXXXX*XX*000000000*00~
REF*EA*X~
DTM*050*20241019~
DTM*036*20241019~
DTM*233*20241019~
PER*CX*XXXXX*TE*XXXX*FX*XXX*EX*XXXXXX~
AMT*ZN*0000~
QTY*CA*000000~
SVC*NU>XXXX>XX>XX>XX>XX*000000000000000*0*X*0000*HC>XXXX>XX>XX>XX>XX>XXXXX*00000000~
DTM*151*20241019~
CAS*OA*X*000000000000000*000000000000000*XXXXX*00*000000000*XXXXX*000000000000*0000*XXX*0000000*0*XXX*00000*0000000000*XXX*0000*00000000000~
REF*0K*XXXXX~
REF*6R*XXXXX~
REF*SY*XXX~
REF*APC*XXXXXX~
AMT*KH*0000000~
QTY*ZM*0~
LQ*HE*XXXX~
PLB*XXXX*20241019*GO>XXXX*0000000*XX>XXXXXX*00000*XX>XXX*00000000000000*XX>X*0000000000000*XX>XXXXXX*000000*XX>XX*0000000~
SE*52*0001~
